2503 3449
468 176 552 249 7'0
1040 156 1343 225 Modicinae
1369 157 1520 219 Artis

377 264 489 327 bus
506 249 852 324 dominatur
869 254 1167 338 ‚‘·impulit,
1184 269 1252 316 vt
1276 247 1458 313 uobis
1484 246 1598 309 suis
1620 244 2042 332 experimentis
2061 246 2212 331 prae}

378 357 565 425 irent,
604 350 919 414 herbarum
953 341 1405 430 potestates,ex
1439 337 1665 423 qui-bus
1690 335 2203 422 praestantiffima„

370 445 812 508 medicamenta
842 436 1249 503 conficiuntur
1280 475 1298 506 ,
1337 427 1722 493 ostenderent
1744 476 1758 491 .
1809 430 1966 515 Qis
2003 431 2203 492 enirm,

366 537 506 605 Ibin
536 534 784 607 docuit,
811 546 879 597 'vt
902 527 1140 591 suomet
1173 521 1397 589 Rostro
1418 519 1490 581 ad
1523 518 1608 582 sui
1631 521 2051 604 purgationem
2073 540 2204 586 vte..

369 648 568 699 retur3
607 624 932 687 Ciconiam
955 635 1021 683 vt
1053 612 1289 697 origani
1309 609 1465 673 folio
1486 653 1501 682 ‚
1524 608 2039 693 quemadmodum
2076 617 2207 676 Co..

364 718 667 790 lumbam,
695 733 764 780 vt
797 711 905 773 fibi
937 726 1101 768 ramo
1135 701 1287 763 laur-i
1319 697 1660 761 mederetur
1697 709 1721 760 ἒ·
1758 699 1966 764 eadem
1999 702 2200 787 profe.

367 811 467 873 cto
501 806 761 890 sagax,&
797 800 982 862 solers
1015 798 1291 864 Natura,
1314 809 1446 872 quae
1473 788 1565 854 Vti
1595 786 1670 849 ad
1701 789 1949 852 morbos
1968 795 2199 875 pellen-

366 899 483 962 dos
517 902 729 958 Artem
766 887 1071 956 Medicam
1090 879 1461 946 Hominibus
1496 878 1818 954 concessit,
1840 880 1921 943 ita
1938 879 2012 942 ad
2032 904 2201 950 cura-

366 994 599 1056 tionem
630 986 952 1051 vulnerum
982 973 1370 1056 Chirurgiam
1398 970 1729 1034 liberaliter
1766 970 2021 1054 elargita
2039 972 2178 1037 est.·
2267 966 2274 973 ¹

462 1081 855 1166 Qicumque
886 1071 1070 1155 igitur
1090 1066 1246 1129 hanc
1272 1060 1530 1145 effigiem
1563 1060 1978 1149 Symbolicam
2009 1064 2206 1129 intue.

366 1174 447 1238 ris
467 1215 484 1247 ,
510 1164 792 1231 medendi
825 1168 1041 1226 Artem
1068 1159 1132 1220 in
1169 1155 1282 1219 hac
1308 1153 1466 1217 recte
1497 1154 1717 1238 pi<stam
1749 1151 2198 1221 animaduerte.

367 1268 539 1331 Nam
572 1256 758 1324 effusa
787 1252 968 1323 vestis
998 1247 1418 1335 opulentiam,
1451 1242 1772 1307 herbarum
1801 1287 1819 1318 ‚
1855 1252 1911 1309 &
1939 1246 2200 1310 florum..

455 1350 729 1418 fasciculi
757 1345 1035 1433 peritiam
1071 1336 1654 1402 medicamentorum
1685 1377 1704 1409 ‚
1741 1334 2112 1401 Librorum„

396 1438 402 1445 ’
554 1436 887 1506 multitudo
912 1431 1171 1520 'pedibus
1203 1429 1499 1516 proxima,
1516 1425 2017 1501 affiduumsskvffl

641 1533 888 1596 hemeras
934 1522 1194 1587 studium
1242 1518 1531 1582 admonet
1563 1560 1582 1592 ,
1631 1537 1763 1603 quae
1795 1515 1925 1584 duo

731 1618 1034 1709 postrema
1056 1610 1160 1675 nisi
1180 1613 1242 1675 in
1259 1606 1511 1675 Medico
1532 1607 1646 1672 fint
1662 1651 1680 1684 ,
1703 1608 1836 1672 relif.

826 1718 1018 1798 quum
1036 1701 1118 1768 est
1131 1746 1149 1778 ‚
1171 1721 1240 1770 vt
1258 1701 1357 1769 vel
1375 1700 1584 1786 inopia
1603 1720 1751 1764 cona.

925 1793 1223 1868 tabescat,
1242 1793 1343 1860 vel
1356 1809 1649 1875 tanquam

994 1885 1302 1956 ‘vulturius
1344 1882 1438 1949 vir
1458 1880 1560 1946 esu

1081 1972 1476 2041 Cadauerum

1739 3047 2103 3125 CHIRVR-
