2425 3449
858 121 980 181 Icon
1009 114 1351 205 symbolica·²
1831 140 1851 181 1
1866 141 1907 180 0
1920 143 1946 195 3

217 212 383 279 landi
419 213 711 277 rationem
744 228 811 270 ea
829 208 1120 270 facilitate
1154 205 1606 289 sustineat,qua
1625 225 1766 269 aues
1784 213 2032 276 volant:

220 325 401 390 caput
437 302 581 369 vero
609 318 710 374 ,vt
743 295 855 360 sure
892 295 1319 382 speculationis
1337 295 1546 360 volatu
1573 300 1888 361 veritatem
1916 322 2040 361 cer..

228 395 434 459 tissime
457 392 761 477 pertingat
780 435 796 452 .
824 401 956 449 nam
979 382 1556 471 perpendiculum&
1573 386 1738 469 quod
1762 388 1836 450 ab
1857 388 2040 453 astro-

221 506 348 547 rum
386 480 657 546 mensura
691 477 1143 541 instrumentum
1177 477 1294 540 iam
1339 472 1497 558 apud
1531 496 1740 538 omnes
1774 477 2040 542 Astrola-

216 573 381 636 bium
419 572 764 635 nominatur
795 593 812 643 3
853 571 987 653 quis
1020 567 1136 642 est,
1178 568 1282 650 qui
1319 587 1442 626 non
1472 566 1773 648 intelligat
1801 590 1869 631 ea
1899 568 2034 648 effe,

218 664 438 748 quibus
457 665 517 726 in
540 659 814 749 syderum
840 659 1359 744 contemplatione
1378 656 1593 718 oculos
1611 654 1819 741 dirigit
1837 659 2043 726 Astro-

220 756 463 818 nomia?
493 753 532 817 fi
564 752 879 837 quis-vero
913 748 1108 814 secum
1141 750 1360 812 tacitus
1386 744 1720 831 perpendat
1741 792 1759 823 ,
1795 771 1913 833 qua
1940 751 2041 816 de-

218 867 380 909 mum
414 864 540 908 arte
567 840 846 908 effectum
878 841 983 919 sit,
1004 860 1072 907 vt
1106 841 1166 903 in
1198 837 1403 903 tabula
1433 834 1701 922 spherica
1720 840 2037 906 caelestium

223 937 562 1022 spherarum
595 955 907 1006 numeruS,
947 930 1139 1005 ordo,
1172 949 1373 992 motus
1404 971 1421 1002 ‚
1458 928 1812 1006 conuersro,
1835 931 2040 1018 adspe.

217 1031 381 1102 (stus,
411 1023 754 1111 oppositio,
793 1021 1046 1094 domus,
1079 1020 1277 1104 ligna,
1299 1038 1635 1102 caeteraque
1672 1024 1874 1084 omnia
1890 1043 2038 1087 tam-

222 1138 401 1203 quam
433 1120 493 1178 in
526 1109 951 1198 compendium
983 1112 1363 1174 mitterentur
1392 1132 1409 1182 3
1457 1108 1736 1194 profecto
1776 1136 1900 1177 non
1940 1139 2041 1180 ve-

153 1284 165 1293 ‚
213 1230 351 1271 reor
382 1251 400 1282 ,
440 1207 588 1289 quin
615 1201 861 1267 humani
893 1201 1198 1266 solertiam
1229 1202 1458 1284 ingenij
1494 1198 1825 1270 admiratus
1856 1228 2032 1270 cum,⁴

213 1302 363 1362 Ioue
395 1294 556 1384 apud
589 1291 993 1358 Claudianum
1016 1315 1140 1359 non
1160 1293 1455 1356 exclamet
1473 1336 1491 1355 .

507 1515 1111 1660 Epigramma
1154 1507 1668 1619 Claudiani.

313 1751 548 1837 Iuppiter
583 1754 636 1813 in
655 1770 823 1840 paruo
849 1772 975 1812 cum
1004 1770 1227 1812 cerneret
1251 1750 1440 1810 aechera
1466 1751 1611 1811 'witra
1625 1748 1646 1825 ,⁷

395 1840 542 1924 Riſst
562 1847 673 1912 ,(9
710 1835 789 1901 ad
803 1841 1025 1929 staperos
1055 1841 1197 1903 talia
1224 1837 1375 1902 dreia
1394 1836 1578 1904 dedit.

309 1931 553 1993 Huccine
582 1929 821 1992 mortalis
841 1929 1099 2019 progreffiz
1128 1932 1364 2017 potentia
1390 1938 1560 1992 curae?

402 2024 491 2082 En
518 2044 658 2083 mem·
694 2023 747 2082 in
761 2016 964 2106 fragili
997 2017 1212 2083 luditur
1238 2016 1351 2083 orbe
1379 2016 1555 2082 labor.

308 2109 446 2171 Iura
479 2112 626 2196 poli,
653 2132 933 2200 rerumque
957 2108 1431 2199 fidem,legesque
1463 2116 1709 2173 Deorum

403 2206 536 2262 Ecce
565 2203 892 2290 Syracufius
924 2201 1200 2288 transtulit
1233 2222 1349 2265 arte
1362 2201 1570 2285 senex.

304 2287 462 2370 Quid
496 2289 720 2356 dantem
748 2310 931 2378 poenas
961 2294 1156 2355 tonitru
1181 2291 1467 2354 Salmonea
1494 2294 1655 2352 mirer
1673 2297 1699 2351 ,ἲ

395 2379 637 2447 AEmula
673 2402 876 2446 natu-rae
906 2399 1090 2471 parua
1122 2401 1321 2475 reperta
1352 2403 1569 2446 manus.

306 2561 481 2649 Qid
518 2565 674 2628 enim
702 2564 1112 2631 admirabilius
1143 2564 1402 2649 cogitari
1431 2561 1663 2651 potest,
1683 2579 1862 2645 quam
1883 2559 2040 2645 opti-

221 2654 381 2729 mis&
402 2658 643 2719 maximi
662 2659 953 2721 Numinis
973 2678 1127 2741 opus
1145 2657 1548 2731 maximum,&
1568 2652 2034 2740 pulcherrimum

218 2741 479 2808 hominis
516 2745 801 2811 industria
832 2770 955 2812 non
991 2747 1260 2812 solumin
1281 2747 1503 2811 tabulis
1537 2749 1713 2809 aeneis
1744 2740 2031 2813 describi,

220 2830 323 2897 sed
354 2837 562 2901 vitreis
593 2841 802 2913 etiam,
827 2847 879 2903 ὃ(
917 2837 1290 2903 christallinis
1321 2835 1541 2923 spheris
1577 2832 1838 2904 includi,
1861 2849 2034 2892 tanto

225 2945 360 2987 cum
387 2925 600 2993 ordine
633 2973 650 3007 ‚
696 2950 764 2994 ac
798 2928 1190 3016 dispositione
1215 2972 1236 3006 ,
1282 2947 1349 2996 vt
1384 2949 1514 3013 quae
1544 2927 1745 2990 omnia
1775 2921 2027 3072 inficajlis

1865 3032 1945 3072 erl
