2425 3449
307 138 1973 378 'AsTRoNoMIK

737 749 783 809 E
808 750 863 810 C
913 743 1110 809 adhuc
1139 743 1335 810 Pallas
1362 763 1486 818 me,
1507 761 1577 809 vt
1604 740 1750 806 olim
1778 741 2053 807 Belloro-

762 838 1058 923 phontem
1089 834 1322 921 Pegaso
1341 835 1481 920 ,qui
1512 854 1703 919 equus
1734 828 1900 895 fuisse
1927 835 2050 896 ala-

761 944 859 991 tus
896 924 1483 1003 scribitur,donauit
1517 948 1534 999 ;
1572 944 1769 1008 neque
1801 925 2050 1007 ingenio

764 1015 1003 1081 Daedali
1040 1018 1300 1083 humeris
1330 1038 1555 1102 pennas
1587 1015 1910 1101 aptaui,vt
1945 1036 2049 1099 per

586 1178 603 1199 a
647 1108 693 1197 j
765 1109 879 1171 iter
903 1107 1249 1171 hominibus
1267 1107 1561 1172 insuetum
1581 1105 1656 1172 ad
1681 1107 2052 1191 contempla-

761 1198 992 1261 tionem
1018 1196 1366 1261 ‘sublimium
1389 1243 1406 1273 ‚
1427 1198 1613 1261 humo
1647 1199 1879 1271 relicta,
1901 1219 2049 1260 mm

221 1286 346 1353 tam
373 1286 622 1375 repente
644 1288 872 1353 alarum
893 1290 1148 1373 remigio
1177 1287 1474 1352 sustollam
1494 1329 1510 1349 .
1545 1290 1849 1363 caelornm,
1871 1310 1938 1350 ac
1961 1287 2051 1373 sy-

214 1377 427 1443 derum
447 1378 958 1455 conuerfiones‚&
976 1400 1178 1443 motus
1197 1379 1513 1466 spestfidos
1532 1425 1549 1455 ,
1574 1377 2051 1463 obseruandosq3

220 1472 337 1534 illis
370 1473 685 1559 relinque,
719 1473 858 1557 qui,
880 1470 1045 1535 ficut·
1067 1493 1203 1534 cum
1237 1477 1434 1547 Icaro,
1458 1480 1511 1535 &
1543 1469 1910 1535 Prometheo
1940 1493 2047 1533 cae-
2079 1521 2081 1523 .

219 1563 339 1626 lum
365 1562 622 1628 audaces
643 1582 882 1649 petunt,
902 1564 988 1626 ita
1011 1563 1072 1625 in
1105 1564 1356 1648 pelagus
1387 1583 1654 1626 errorum
1683 1558 2049 1639 decidendo,
2074 1610 2077 1611 ν

223 1673 326 1717 aut
363 1651 468 1717 sub
505 1652 611 1718 dio
642 1655 704 1718 in
724 1656 1058 1730 montium,
1086 1653 1181 1718 seu
1207 1659 1500 1718 tectorum
1531 1651 1892 1715 culminibus
1918 1674 2053 1738 per-

226 1745 535 1808 nouando
551 1789 569 1820 ,
598 1743 985 1808 solicitudine
1005 1746 1188 1807 nimia
1206 1789 1220 1816 ,
1243 1743 1407 1828 quasi
1439 1744 1649 1808 voraci
1670 1742 1899 1825 Aquila
1918 1765 2052 1807 cor.

223 1835 334 1897 rosi
355 1878 373 1909 ,
396 1836 751 1898 temeritatis
786 1833 897 1898 suae
927 1857 1049 1897 non
1087 1833 1389 1899 diffimiles
1420 1835 1593 1896 luunt
1626 1852 1833 1917 poenas
1854 1879 1868 1895 .
1919 1833 2053 1918 Ipse

227 1946 424 1988 rerum
463 1926 734 1988 omnium
764 1924 955 2009 vsque
987 1924 1141 1988 adeo
1178 1927 1580 2009 igna1·u3‚vt‚
1613 1944 1747 2006 quae
1781 1942 1920 1986 ante
1954 1946 2055 2009 pe-

224 2013 331 2079 des
360 2060 377 2091 ‚
397 2017 691 2078 oculosue
725 2014 858 2079 sunt
883 2059 899 2090 ‚
920 2016 1020 2080 vix
1054 2015 1377 2100 agnoscam
1402 2059 1418 2089 ,
1456 2037 1579 2078 non
1609 2012 1853 2079 demens
1884 2036 2055 2098 pror-

227 2105 319 2170 sus
349 2103 586 2170 audiam
608 2150 625 2180 ,
648 2105 686 2169 s1
711 2127 779 2169 ea
796 2151 813 2181 ,
837 2127 968 2190 quae
991 2107 1367 2169 remotissima
1397 2105 1453 2169 su
1467 2126 1530 2168 nt
1550 2150 1565 2179 ‚
1588 2103 1851 2190 perfecte
1883 2107 2059 2168 intel-

226 2198 412 2281 ligere
445 2195 613 2280 poffc
644 2218 738 2259 me
769 2207 1014 2282 putem?
1058 2198 1191 2281 quis
1210 2216 1409 2259 tamen
1431 2195 1610 2258 ardor
1635 2197 1947 2258 Atlantem
1969 2194 2056 2258 sa-

225 2287 642 2373 pientislimum
691 2294 924 2370 Regem
958 2288 1198 2371 impulit
1225 2332 1242 2362 ‚
1293 2307 1359 2353 vt
1398 2290 1679 2350 caelorum
1715 2288 2053 2349 rationem

228 2376 589 2461 inuestigare
608 2422 624 2452 ,
646 2386 696 2441 ὅ(
732 2379 1170 2462 imperterritus
1200 2376 1596 2462 quodamodo
1620 2398 1802 2462 caput
1823 2375 2052 2439 mundo

230 2469 482 2533 subdere
512 2471 737 2554 primus
769 2470 838 2533 sit
860 2465 1077 2533 ausus?
1111 2468 1529 2533 animisindita
1550 2466 1771 2530 sciendi
1802 2490 2054 2553 genero*

228 2559 433 2625 fiffima
464 2557 762 2644 cupiditas
785 2604 800 2634 ‚
837 2562 1050 2626 vistrix
1076 2564 1343 2624 omnium
1377 2560 1796 2622 difficultatum
1817 2604 1833 2631 ,
1874 2582 2055 2622 noua-

233 2673 483 2735 tumque
515 2673 704 2713 rerum
740 2649 1235 2715 inueniendarum
1266 2650 1471 2738 opifex
1506 2649 1987 2735 ingeniofissima.

322 2740 511 2828 Quod
547 2742 585 2805 fi
618 2765 711 2804 me
732 2786 749 2817 ,
783 2761 850 2809 vt
870 2748 1049 2807 Maro
1083 2766 1207 2808 non
1237 2741 1521 2807 incassum
1553 2743 1823 2827 optauit,
1847 2738 2054 2802 dulces

233 2832 417 2895 Musae
456 2832 571 2895 suis
607 2835 713 2896 alis
744 2833 1089 2919 Impositum
1120 2836 1456 2921 accipiant,
1492 2853 1559 2898 vt
1589 2834 1789 2917 pullos
1817 2832 2055 2911 Aquilae

237 2920 466 2999 solent,
492 2946 563 2987 ac
598 2946 705 3009 per
731 2926 1077 3010 incognitas
1111 2928 1234 2991 caeli
1268 2930 1397 2994 vias
1424 2918 2059 2995 deferant,monstrent

1345 3020 1413 3082 N
1512 3038 1546 3077 2.
1737 3008 1966 3098 sydera,
